@ARTICLE {1,
    author  = "Lishuang Li and Yiwen Wang and Degen Huang",
    title   = "Improving Feature-Based Biomedical Event Extraction System by Integrating Argument Information",
    journal = "Proceedings of the BioNLP Shared Task 2013 Workshop",
    year    = "2013",
    pages   = "109–115"
}
@ARTICLE {2,
    author  = "Arzucan Ozgur and Dragomir R. Radev",
    title   = "Supervised Classification for Extracting Biomedical Events",
    journal = "Proceedings of the Workshop on BioNLP",
    year    = "2009",
    pages   = "111–114"
}
@ARTICLE {3,
    author  = "MAKOTO MIWA and RUNE SAETRE and JIN-DONG KIM and JUNICHI TSUJII",
    title   = "EVENT EXTRACTION WITH COMPLEX EVENT CLASSIFICATION USING RICH FEATURES",
    journal = "Journal of Bioinformatics and Computational Biology",
    year    = "2010",
    pages   = "135"
}
@ARTICLE {4,
    author  = "Deepak Venugopal and Chen Chen and Vibhav Gogate and Vincent Ng",
    title   = "Relieving the Computational Bottleneck: Joint Inference for Event Extraction with High-Dimensional Features",
    journal = ". In Proceedings of EMNLP",
    year    = "2014"
}